%% This BibTeX bibliography file was created using BibDesk.
%% http://bibdesk.sourceforge.net/


%% Created for Daniel Denton at 2012-05-07 23:48:43 -0400 


%% Saved with string encoding Unicode (UTF-8) 



@article{Greig,
    author = {Greig, D. and Porteous, B. and Seheult, A.},
    journal = {Journal of the Royal Statistical Society},
    pages = {271-279},
    publisher = {Blackwell Publishing},
    title = {Exact Maximum A Posteriori Estimation for Binary Images},
    volume = {51},
    year = {1989}
}


@inproceedings{Fox_Nicholls,
	Author = {Colin Fox and Geoff Nicholls},
	Booktitle = {Proceedings MaxEnt 2000 Twentieth International Workshop on Bayesian Inference and Maximum Entropy Methods in Science and Engineering CNRS},
	Date-Added = {2012-05-07 23:38:46 -0400},
	Date-Modified = {2012-05-07 23:46:33 -0400},
	Month = {May},
	Title = {Exact MAP states and expectations from perfect sampling: Greig, Porteous and Seheult revisited},
	Year = {2000}}

@book{CRF_Book_Chapter,
	Author = {Kumar, S. and Cipolla, R. and Battiato, S. and Farinella, G.M.},
	Isbn = {9783642128479},
	Lccn = {2010925724},
	Publisher = {Springer},
	Series = {Studies in Computational Intelligence},
	Title = {Computer Vision: Detection, Recognition and Reconstruction},
	Url = {http://books.google.com/books?id=8yVnm\_PYSv0C},
	Year = {2010},
	Bdsk-Url-1 = {http://books.google.com/books?id=8yVnm%5C_PYSv0C}}

@book{Szeliski_Book,
	Author = {Szeliski, R.},
	Isbn = {9781848829343},
	Publisher = {Springer},
	Series = {Texts in Computer Science},
	Title = {Computer Vision: Algorithms and Applications},
	Url = {http://books.google.com/books?id=bXzAlkODwa8C},
	Year = {2010},
	Bdsk-Url-1 = {http://books.google.com/books?id=bXzAlkODwa8C}}

@inproceedings{Bellman,
	Author = {C. J. Bellman and M. R. Shortis},
	Booktitle = {International Archives of the Photogrammetry, Remote Sensing and Spatial Information Sciences},
	Pages = {50-54},
	Title = {A Machine Learning Approach to Building Recognition in Aerial Photographs},
	Year = {2002}}

@incollection{Shi,
	Affiliation = {Computer Science Department, University of Missouri-Columbia, USA},
	Author = {Shi, Fanhuai and Xi, Yongjian and Li, Xiaoling and Duan, Ye},
	Booktitle = {Advances in Visual Computing},
	Editor = {Bebis, George and Boyle, Richard and Parvin, Bahram and Koracin, Darko and Kuno, Yoshinori and Wang, Junxian and Pajarola, Renato and Lindstrom, Peter and Hinkenjann, Andr{\'e} and Encarna{\c c}{\~a}o, Miguel and Silva, Cl{\'a}udio and Coming, Daniel},
	Isbn = {978-3-642-10519-7},
	Keyword = {Computer Science},
	Pages = {817-826},
	Publisher = {Springer Berlin / Heidelberg},
	Series = {Lecture Notes in Computer Science},
	Title = {Rooftop Detection and 3D Building Modeling from Aerial Images},
	Volume = {5876},
	Year = {2009}}

@online{WikipediaOrthophoto,
	Author = {various},
	Lastchecked = {April 12, 2012},
	Month = {April},
	Title = {Wikipedia: Orthophoto},
	Url = {http://en.wikipedia.org/wiki/Orthophoto},
	Year = {2012},
	Bdsk-Url-1 = {http://en.wikipedia.org/wiki/Orthophoto}}

@online{MontgomeryCounty,
	Author = {Montgomery County, Maryland GIS},
	Lastchecked = {April 11, 2012},
	Month = {April},
	Url = {http://www.montgomerycountymd.gov/gistmpl.asp?url=/content/gis/imgservr.asp},
	Year = {2012},
	Bdsk-Url-1 = {http://www.montgomerycountymd.gov/gistmpl.asp?url=/content/gis/imgservr.asp}}

@inproceedings{DRFs_2003,
	Author = {Sanjiv Kumar and Martial Hebert},
	Booktitle = {Computer Vision, 2003. Proceedings. Ninth IEEE International Conference on},
	Date-Modified = {2012-04-11 01:40:38 -0400},
	Doi = {10.1109/ICCV.2003.1238478},
	Keywords = {Bayes rule;Corel database;Ising model;Markov random field;computer vision;conditional random field;contextual constraints;contextual interaction;discriminative random fields;generalized linear models;generative models;hidden Markov model based labeling;hierarchical texture segmentation;image classification;image regions;kernel classifiers;likelihood parameters;local posterior;man-made structure detection;maximum posterior marginal solution;natural images;neighborhood interactions;probabilistic discriminative models;probabilistic generative framework;text sequences;Markov processes;computer vision;image classification;image segmentation;random processes;},
	Month = {oct.},
	Pages = {1150 -1157 vol.2},
	Title = {Discriminative random fields: a discriminative framework for contextual interaction in classification},
	Year = {2003},
	Bdsk-Url-1 = {http://dx.doi.org/10.1109/ICCV.2003.1238478}}

@article{DRFs_2006,
	Author = {Sanjiv Kumar and Martial Hebert},
	Journal = {International Journal of Computer Vision},
	Number = {2},
	Pages = {179-202},
	Publisher = {Springer},
	Title = {Discriminative Random Fields},
	Volume = {68},
	Year = {2006}}

@inproceedings{mCRFs_2004,
	Author = {Xuming He and Zemel, R.S. and Carreira-Perpinan, M.A.},
	Booktitle = {Computer Vision and Pattern Recognition, 2004. CVPR 2004. Proceedings of the 2004 IEEE Computer Society Conference on},
	Doi = {10.1109/CVPR.2004.1315232},
	Issn = {1063-6919},
	Keywords = {Markov random field; contextual features; fine-resolution patterns; image classification; image databases; image labeling; image-label mapping; multiscale conditional random fields; Markov processes; image classification; image resolution; random processes; visual databases;},
	Month = {june-2 july},
	Pages = {II-695-II-702 Vol.2},
	Title = {Multiscale conditional random fields for image labeling},
	Volume = {2},
	Year = {2004},
	Bdsk-Url-1 = {http://dx.doi.org/10.1109/CVPR.2004.1315232}}

@inproceedings{CRF_2001,
	Added-At = {2002-11-27T00:00:00.000+0100},
	Author = {Lafferty, John D. and McCallum, Andrew and Pereira, Fernando C. N.},
	Biburl = {http://www.bibsonomy.org/bibtex/2b9c7121ad4099b4c460bb8c8107ea1c5/dblp},
	Booktitle = {ICML},
	Date = {2002-11-27},
	Description = {dblp},
	Editor = {Brodley, Carla E. and Danyluk, Andrea Pohoreckyj},
	Interhash = {574c59001ecc3aa04850e1751d96c137},
	Intrahash = {b9c7121ad4099b4c460bb8c8107ea1c5},
	Isbn = {1-55860-778-1},
	Keywords = {dblp},
	Pages = {282-289},
	Publisher = {Morgan Kaufmann},
	Timestamp = {2002-11-27T00:00:00.000+0100},
	Title = {Conditional Random Fields: Probabilistic Models for Segmenting and Labeling Sequence Data.},
	Url = {http://dblp.uni-trier.de/db/conf/icml/icml2001.html#LaffertyMP01},
	Year = 2001,
	Bdsk-Url-1 = {http://dblp.uni-trier.de/db/conf/icml/icml2001.html#LaffertyMP01}}

@techreport{Wallach_2004,
	Added-At = {2010-11-29T20:01:17.000+0100},
	Address = {Philadelphia},
	Author = {Wallach, Hanna M.},
	Biburl = {http://www.bibsonomy.org/bibtex/21c39a449d0a81059468705bcfe9eaddd/arnsholt},
	Institution = {University of Pennsylvania},
	Interhash = {94f59fe17df5d488fde7049f7621eb01},
	Intrahash = {1c39a449d0a81059468705bcfe9eaddd},
	Keywords = {crf statistical},
	Number = {MS-CIS-04-21},
	Timestamp = {2010-11-29T20:01:17.000+0100},
	Title = {Conditional Random Fields: An Introduction},
	Url = {http://www.inference.phy.cam.ac.uk/hmw26/papers/crf_intro.pdf},
	Year = 2004,
	Bdsk-Url-1 = {http://www.inference.phy.cam.ac.uk/hmw26/papers/crf_intro.pdf}}

@article{Hammersley_Clifford_1971,
	Added-At = {2008-10-07T16:03:39.000+0200},
	Author = {Hammersley, J. M. and Clifford, P. E.},
	Biburl = {http://www.bibsonomy.org/bibtex/2199eae8bccbe1a7a1bffb1992ba0b394/brefeld},
	Interhash = {71df615d74a37e461f23b9d3df5cb98d},
	Intrahash = {199eae8bccbe1a7a1bffb1992ba0b394},
	Journal = {{\em Unpublished manuscript}},
	Keywords = {imported},
	Timestamp = {2008-10-07T16:03:39.000+0200},
	Title = {Markov random fields on finite graphs and lattices},
	Year = 1971}

@article{Spitzer_1971,
	Author = {Spitzer, Frank},
	Copyright = {Copyright {\copyright} 1971 Mathematical Association of America},
	Issn = {00029890},
	Journal = {The American Mathematical Monthly},
	Jstor_Articletype = {research-article},
	Jstor_Formatteddate = {Feb., 1971},
	Language = {English},
	Number = {2},
	Pages = {pp. 142-154},
	Publisher = {Mathematical Association of America},
	Title = {Markov Random Fields and Gibbs Ensembles},
	Url = {http://www.jstor.org/stable/2317621},
	Volume = {78},
	Year = {1971},
	Bdsk-Url-1 = {http://www.jstor.org/stable/2317621}}
